<?xml version="1.0" encoding="UTF-8"?>
<marc:collection xmlns:marc="http://www.loc.gov/MARC21/slim" xmlns:xsi="http://www.w3.org/2001/XMLSchema-instance" xsi:schemaLocation="http://www.loc.gov/MARC21/slim http://www.loc.gov/standards/marcxml/schema/MARC21slim.xsd">
   <marc:record type="Bibliographic">
      <marc:leader>01321cam a22002415a 4500</marc:leader>
      <marc:controlfield tag="001">1684412</marc:controlfield>
      <marc:controlfield tag="003">NjP</marc:controlfield>
      <marc:controlfield tag="005">20150109105723.0</marc:controlfield>
      <marc:controlfield tag="008">981229s1909    ua            000 0 ara d</marc:controlfield>
      <marc:datafield tag="024" ind1="7" ind2=" ">
         <marc:subfield code="a">princeton_aco000734</marc:subfield>
         <marc:subfield code="2">local</marc:subfield>
      </marc:datafield>
      <marc:datafield tag="035" ind1=" " ind2=" ">
         <marc:subfield code="a">(OCoLC)ocm40553826</marc:subfield>
      </marc:datafield>
      <marc:datafield tag="035" ind1=" " ind2=" ">
         <marc:subfield code="9">CFK7525TS</marc:subfield>
      </marc:datafield>
      <marc:datafield tag="040" ind1=" " ind2=" ">
         <marc:subfield code="a">CUD</marc:subfield>
         <marc:subfield code="c">CUD</marc:subfield>
         <marc:subfield code="d">OCL</marc:subfield>
         <marc:subfield code="d">PUL</marc:subfield>
      </marc:datafield>
      <marc:datafield tag="100" ind1="1" ind2=" ">
         <marc:subfield code="a">Ṭabarī, Muḥibb al-Dīn Aḥmad ibn ʻAbd Allāh,</marc:subfield>
         <marc:subfield code="d">1218-1295.</marc:subfield>
      </marc:datafield>
      <marc:datafield tag="245" ind1="1" ind2="3">
         <marc:subfield code="a">al-Riyāḍ al-naḍirah fī manāqib al-ʻasharah /</marc:subfield>
         <marc:subfield code="c">taʾlīf Abī Jaʻfar Aḥmad al-shahīr bi-al-Muḥibb al-Ṭabarī ; ʻuniya bi-taṣḥīḥihi Muḥammad Badr al-Dīn al-Naʻsānī al-Ḥalabī.</marc:subfield>
      </marc:datafield>
      <marc:datafield tag="250" ind1=" " ind2=" ">
         <marc:subfield code="a">ʾal-Ṭabʻah 1</marc:subfield>
      </marc:datafield>
      <marc:datafield tag="260" ind1=" " ind2=" ">
         <marc:subfield code="a">Miṣr :</marc:subfield>
         <marc:subfield code="b">Muḥammad Amīn al-Khānjī,</marc:subfield>
         <marc:subfield code="c">1327 [1909]</marc:subfield>
      </marc:datafield>
      <marc:datafield tag="300" ind1=" " ind2=" ">
         <marc:subfield code="a">2 v. in 1 ;</marc:subfield>
         <marc:subfield code="c">26 cm.</marc:subfield>
      </marc:datafield>
      <marc:datafield tag="505" ind1="0" ind2=" ">
         <marc:subfield code="a">Abū Bakr al-Ṣiddīq, ʻUmar ibn al-Khaṭṭāb, ʻUthmān ibn ʻAffān, ʻAlī ibn Abī Ṭālib, Ṭalḥah ibn ʻUbayd Allāh, al-Zubayr ibn al-ʻAwwām, Saʻd ibn Abī Waqqāṣ, Saʻīd ibn Zayd, ʻAbd al-Raḥmān ibn ʻAwf, Abū ʻUbaydah ʻĀmir ibn al-Jarrāḥ.</marc:subfield>
      </marc:datafield>
      <marc:datafield tag="650" ind1=" " ind2="0">
         <marc:subfield code="a">Muslims</marc:subfield>
         <marc:subfield code="z">Saudi Arabia</marc:subfield>
         <marc:subfield code="v">Biography</marc:subfield>
         <marc:subfield code="v">Early works to 1800.</marc:subfield>
      </marc:datafield>
      <marc:datafield tag="700" ind1="1" ind2=" ">
         <marc:subfield code="a">Ḥalabī, Muḥammad Badr al-Dīn al-Naʻsānī.</marc:subfield>
      </marc:datafield>
      <marc:datafield tag="852" ind1="0" ind2=" ">
         <marc:subfield code="b">nec</marc:subfield>
         <marc:subfield code="h">BP75.5</marc:subfield>
         <marc:subfield code="i">.T333 1909</marc:subfield>
         <marc:subfield code="p">1941010</marc:subfield>
         <marc:subfield code="x">reclassed from: 2276.09.377</marc:subfield>
      </marc:datafield>
      <marc:datafield tag="856" ind1="4" ind2=" ">
         <marc:subfield code="u">http://hdl.handle.net/2027/njp.32101023650300</marc:subfield>
      </marc:datafield>
      <marc:datafield tag="947" ind1=" " ind2=" ">
         <marc:subfield code="a">CFK7525</marc:subfield>
      </marc:datafield>
      <marc:datafield tag="911" ind1=" " ind2=" ">
         <marc:subfield code="a">20000130</marc:subfield>
      </marc:datafield>
   </marc:record>
</marc:collection>
